% Encoding: UTF-8
@BOOK{cpp_book,
  author = {Б. Страуструп},
  year = {1999},
  title = {Язык программирования С++ - 3-е изд.},
  language = {russian},
  publisher = {Невский диалект - Бином},
  pages = {991}
}

@BOOK{faults,
  author = {С. В. Ярмолик, А. П. Занкович, А. А. Иванюк},
  year = {2009},
  title = {Маршевые тесты для самотестирования ОЗУ},
  language = {russian},
  publisher = {Издательский центр БГУ},
  pages = {271}
}

@BOOK{cpp_book_two,
  author = {С. Прата},
  year = {2011},
  title = {Язык программирования C++ (C++11). Лекции и упражнения - 6-е изд.},
  language = {russian},
  pages = {688}
}

@BOOK{dram_book,
  author = {A. S. Tanenbaum, T. Austin},
  month = {December},
  year = {2013},
  title = {Structured Computer Organization - 6th ed.},
  language = {english},
  address = {Vrije Universiteit Amsterdam, The Netherlands},
  pages = {747}
}

@INPROCEEDINGS{dram_tutorial,
  author = {B. Jacob, D. Wang},
  title = {DRAM Tutorial},
  booktitle = {DRAM: Architectures, Interfaces, and Systems},
  year = {2002},
  language = {english}
}

@ARTICLE{dramsim2_article,
  author = {Z. Xie, Y. Zhang, J. Yang, L. Shi},
  month = {July},
  year = {2014},
  title = {An improved memory system simulator based on DRAMSim2},
  address = {China},
  language = {english}
}
@ARTICLE{dramsim2_manual,
  author = {P. Rosenfeld, E. Cooper-Balis, B. Jacob},
  year = {2011},
  title = {DRAMSim2: A Cycle Accurate Memory System Simulator},
  address = {California},
  language = {english}
}

@ARTICLE{drsim_manual,
  author = {M. K. Jeong},
  year = {2012},
  title = {DrSim: A Platform for Flexible DRAM System Research},
  language = {english}
}

@ARTICLE{ibm_dram_article,
  author = {IBM Group},
  year = {1996},
  title = {Understanding DRAM Operation},
  language = {english}
}

@ARTICLE{ramulator_manual,
  author = {Y. Kim, W. Yang, O. Mutlu},
  year = {2015},
  title = {Ramulator: A Fast and Extensible DRAM Simulator},
  language = {english}
}

@ARTICLE{usimm_manual,
  author = {N. Chatterjee, R. Balasubramonian,M. Shevgoor, S. H. Pugsley,Aniruddha N. Udipi, A. Shafiee, K. Sudan,M. Awasthi, Z. Chishti},
  month = {February},
  year = {2012},
  title = {USIMM: the Utah SImulated Memory Module},
  language = {english}
}

@BOOK{palicyn_2006,
  title = {Технико-экономическое обоснование дипломных проектов: Метод. пособие
  для студ. всех спец. БГУИР. В 4-х ч. Ч. 4: Проекты программного обеспечения},
  publisher = {БГУИР},
  year = {2006},
  author = {В. А. Палицын},
  pages = {76},
  address = {Минск},
  language = {russian},
  owner = {mstyura},
  timestamp = {2013.03.03}
}

@MISC{belcalendar_2016,
  title = {Календарь праздников на 2016 год для Беларуси [Электронный ресурс]},
  howpublished = {Электронные данные},
  note = {Режим доступа: \url{http://calendar.by/2016/\#bkm}. --- Дата доступа:
  05.03.2016},
  language = {russian},
  owner = {mstyura},
  timestamp = {2016.03.05}
}

@MISC{Cpp_tutorial,
  title = {C++ Tutorial [Электронный ресурс]},
  howpublished = {Электронные данные},
  note = {Режим доступа: \url{http://www.cplusplus.com/doc/tutorial/}. --- Дата доступа:
  07.04.2016},
  language = {english},
  timestamp = {2016.04.07}
}

@MISC{wiki,
  title = {Wikipedia [Электронный ресурс]},
  howpublished = {Электронные данные},
  note = {Режим доступа: \url{https://ru.wikipedia.org/wiki}. --- Дата доступа:
  23.04.2016},
  language = {russian},
  timestamp = {2016.04.23}
}

@MISC{overflow,
  title = {Stackoverflow [Электронный ресурс]},
  howpublished = {Электронные данные},
  note = {Режим доступа: \url{http://stackoverflow.com }. --- Дата доступа:
  02.05.2016},
  language = {russian},
  timestamp = {2016.05.02}
}

@MISC{dram_tutorial2,
  title = {Dynamic RAM, DRAM Memory Technology Tutorial [Электронный ресурс]},
  howpublished = {Электронные данные},
  note = {Режим доступа: \url{http://www.radio-electronics.com/info/data/semicond/memory/dram-technology-basics-tutorial.php }. --- Дата доступа:
  24.02.2016},
  language = {english},
  timestamp = {2016.02.24}
}

@MISC{dram_tutorial3,
  title = {DRAM – Dynamic Random Access Memory [Электронный ресурс]},
  howpublished = {Электронные данные},
  note = {Режим доступа: \url{https://www.pctechguide.com/computer-memory/dram-dynamic-random-access-memory }. --- Дата доступа:
  03.04.2016},
  language = {english},
  timestamp = {2016.04.03}
}

@ARTICLE{SAODC_Yarmolik,
  author = {V. N. Yarmolik , S. Hellebrand, H.-J. Wundelich},
  month = {February},
  year = {1998},
  address = {New York, NY, USA},
  title = {Self-Adjusting Output Data Compression: An Efficient BIST Technique for RAMs},
  language = {english}
}

@ARTICLE{SAODC_Ivaniuk,
  author = {S. Hellebrand, H.-J. Wunderlich, A. A. Ivaniuk, Y. V. Klimets, V. N. Yarmolik},
  month = {July},
  year = {2002},
  title = {Efficient Online and Offline Testing of Embedded DRAMs},
  language = {english}
}

@ARTICLE{March_Tests_Ivaniuk,
  author = {А. А. Иванюк, Д. С. Петроненко},
  month = {July},
  year = {2004},
  title = {Современные неразрушающие методы и алгоритмы диагностирования оперативных запоминающих устройств.},
  language = {russian}
}